@book{meccanica,
  author    = {P.Mazzoldi, M.Nigro and C.Voci},
  title     = {Elementi di Fisica},
  edition   = {3},
  year      = {2021},
  publisher = {Edises Edizioni S.r.l.},
  address   = {Napoli},
  isbn      = {978-8836230365},
  pages     = {157-158},
}

@book{statistica,
  author    = {John R. Taylor},
  title     = {Introduzione all'analisi degli errori},
  edition   = {2},
  year      = {2000},
  publisher = {Zanichelli editori S.p.A.},
  address   = {Bologna},
  isbn      = {978-8808176561},
  pages     = {75-78},
}



%@online{overleaf,
%  title = {Overleaf},
%  url   = {https://www.overleaf.com/},
%  %author= {hola},
%}
